@article{A1,
  author  = "J.L. Proctor and S.L. Brunton and J.N. Kutz",
  title   = "Dynamic Mode Decomposition with Control",
  journal = "SIAM Journal on Applied Dynamical Systems",
  volume  = "15",
  number  = "1",
  pages   = "142--161",
  year    = "2016"}

@article{A2,
  author  = "J.N. Kutz and S.L. Brunton and B.W. Brunton and J. Proctor",
  title   = "Dynamic Mode Decomposition: Data-Driven Modeling of Complex Systems",
  journal = "Proceedings of the SIAM",
  year    = "2016",
  note    = "Boston, MA, USA, 11–15 July; pp. 1–234",
  isbn    = "978-1-611-97449-2"
}

@article{dawson2015,
  author  = "S.T. Dawson and N.K. Schiavone and C.W. Rowley and D.R. Williams",
  title   = "A data-driven modeling framework for predicting forces and pressures on a rapidly pitching airfoil",
  journal = "Proceedings of the 45th AIAA Fluid Dynamics Conference",
  year    = "2015",
  note    = "Dallas, TX, USA, 22–26 June; pp. 1–14"
}

@article{fonzi2020,
  author  = "N. Fonzi and S.L. Brunton and U. Fasel",
  title   = "Data-driven nonlinear aeroelastic models of morphing wings for control",
  journal = "Proceedings of the Royal Society A",
  volume  = "476",
  pages   = "20200079",
  year    = "2020"
}

@article{swaminathan2022,
  author  = "B. Swaminathan and J.G. Manathara and A.K. Vinayagam",
  title   = "Application of Dynamic Mode Decomposition with Control (DMDc) for aircraft parameter estimation",
  journal = "IFAC-PapersOnLine",
  volume  = "55",
  pages   = "789--794",
  year    = "2022"
}

@article{liew2022,
  author  = "J. Liew and T. Göçmen and W.H. Lio and G.C. Larsen",
  title   = "Streaming Dynamic Mode Decomposition for short-term forecasting in wind farms",
  journal = "Wind Energy",
  volume  = "25",
  pages   = "719--734",
  year    = "2022"
}

@article{proctor2018,
  author  = "J.L. Proctor and S.L. Brunton and J.N. Kutz",
  title   = "Generalizing Koopman Theory to Allow for Inputs and Control",
  journal = "SIAM Journal on Applied Dynamical Systems",
  volume  = "17",
  pages   = "909--930",
  year    = "2018"
}

@article{bai2020,
  author  = "Z. Bai and E. Kaiser and J.L. Proctor and J.N. Kutz and S.L. Brunton",
  title   = "Dynamic Mode Decomposition for Compressive System Identification",
  journal = "AIAA Journal",
  volume  = "58",
  pages   = "561--574",
  year    = "2020"
}

@article{juang1985,
  author  = "J.N. Juang and R.S. Pappa",
  title   = "An eigensystem realization algorithm for modal parameter identification and model reduction",
  journal = "Journal of Guidance, Control, and Dynamics",
  volume  = "8",
  number  = "5",
  pages   = "620--627",
  year    = "1985"
}
